1CClientBankExchange
ВерсияФормата=1.02
Кодировка=Windows
Отправитель=
Получатель=
ДатаСоздания=01.01.2022
ВремяСоздания=12:00:00
ДатаНачала=01.01.2022
ДатаКонца=01.01.2022
РасчСчет=
Документ=Платежное поручение
СекцияДокумент=Платежное поручение
Номер=1
Дата=01.01.2022
Сумма=500
ПлательщикСчет=ACC_01
Плательщик=ИНН TIN_01 NAME_01
ПлательщикИНН=TIN_01
ПлательщикКПП=KPP_01
Плательщик1=NAME_01
ПлательщикРасчСчет=ACC_01
ПлательщикБанк1=BANK_01
ПлательщикБИК=BIK_01
ПлательщикКорсчет=CORR_01
ПолучательСчет=03100643000000011900
Получатель=ИНН 2466050868 УФК по Красноярскому краю (ГУ МВД России по Красноярскому краю)
ПолучательИНН=2466050868
ПолучательКПП=246601001
Получатель1=УФК по Красноярскому краю (ГУ МВД России по Красноярскому краю)
ПолучательРасчСчет=03100643000000011900
ПолучательБанк1=ОТДЕЛЕНИЕ КРАСНОЯРСК БАНКА РОССИИ//УФК по Красноярскому краю г. Красноярск
ПолучательБанк2=
ПолучательБИК=010407105
ПоказательКБК=18811601121010001140
ПолучательКорсчет=40102810245370000011
ОКАТО=04701000
ВидПлатежа=Электронно
ВидОплаты=01
СтатусСоставителя=08
ПоказательОснования=0
ПоказательПериода=0
ПоказательНомера=0
ПоказательДаты=0
ПоказательТипа=
Очередность=5
НазначениеПлатежа=Штраф за нарушение ПДД, пост. №FINE_UIN_01 от 01.01.2022г.(500 руб), а/м CAR_NUMBER_01 НДС не облагается
НазначениеПлатежа1=Штраф за нарушение ПДД, пост. №FINE_UIN_01 от 01.01.2022г.(500 руб), а/м CAR_NUMBER_01 НДС не облагается
Код=FINE_UIN_01
КонецДокумента
СекцияДокумент=Платежное поручение
Номер=2
Дата=01.01.2022
Сумма=500
ПлательщикСчет=ACC_01
Плательщик=ИНН TIN_01 NAME_01
ПлательщикИНН=TIN_01
ПлательщикКПП=KPP_01
Плательщик1=NAME_01
ПлательщикРасчСчет=ACC_01
ПлательщикБанк1=BANK_01
ПлательщикБИК=BIK_01
ПлательщикКорсчет=CORR_01
ПолучательСчет=03100643000000011900
Получатель=ИНН 2466050868 УФК по Красноярскому краю (ГУ МВД России по Красноярскому краю)
ПолучательИНН=2466050868
ПолучательКПП=246601001
Получатель1=УФК по Красноярскому краю (ГУ МВД России по Красноярскому краю)
ПолучательРасчСчет=03100643000000011900
ПолучательБанк1=ОТДЕЛЕНИЕ КРАСНОЯРСК БАНКА РОССИИ//УФК по Красноярскому краю г. Красноярск
ПолучательБанк2=
ПолучательБИК=010407105
ПоказательКБК=18811601121010001140
ПолучательКорсчет=40102810245370000011
ОКАТО=04701000
ВидПлатежа=Электронно
ВидОплаты=01
СтатусСоставителя=08
ПоказательОснования=0
ПоказательПериода=0
ПоказательНомера=0
ПоказательДаты=0
ПоказательТипа=
Очередность=5
НазначениеПлатежа=Штраф за нарушение ПДД, пост. №FINE_UIN_02 от 31.12.2021г.(500 руб), а/м CAR_NUMBER_02 НДС не облагается
НазначениеПлатежа1=Штраф за нарушение ПДД, пост. №FINE_UIN_02 от 31.12.2021г.(500 руб), а/м CAR_NUMBER_02 НДС не облагается
Код=FINE_UIN_02
КонецДокумента
КонецФайла
